@unpublished{bib:Treil,
    title        = {Linear Algebra Done Wrong},
    author       = {Sergei Treil},
    note         = {\url{http://www.math.brown.edu/streil/papers/LADW/LADW_2017-09-04.pdf}},
    year         = {2017},
    month        = {September}
}

@book{bib:Rudin,
    title        = {Principles of Mathematical Analysis},
    author       = {Walter Rudin},
    editor       = {A. Anthony Arthur and Shelly Levine Langman},
    publisher    = {McGraw-Hill},
    year         = {1976},
    edition      = {Third}
}

@book{bib:HewittStromberg,
    title        = {Real and Abstract Analysis},
    subtitle     = {A Modern Treatment of the Theory of Functions of a Real Variable},
    author       = {Edwin Hewitt and Karl Stromberg},
    publisher    = {Springer},
    year         = {1965}
}

@article{bib:Fine,
    author       = {Nathan Jacob Fine},
    journaltitle = {The American Mathematical Monthly},
    volume       = {73},
    number       = {7},
    month        = {8},
    year         = {1966},
    pages        = {782},
    doi          = {10.2307/2314000}
}